% Bibliography entries in APA 7 format will go here.
