@article{gilens2014testing,
  author = {Gilens, Martin and Page, Benjamin I.},
  title = {Testing Theories of American Politics: Elites, Interest Groups, and Average Citizens},
  journal = {Perspectives on Politics},
  volume = {12},
  number = {3},
  pages = {564--581},
  year = {2014},
  publisher = {Cambridge University Press},
  doi = {10.1017/S1537592714001595},
  url = {https://doi.org/10.1017/S1537592714001595}
}

@book{gellman2020dark,
  author = {Gellman, Barton},
  title = {Dark Mirror: Edward Snowden and the American Surveillance State},
  year = {2020},
  publisher = {Penguin Press},
  address = {New York},
  isbn = {9781594206016}
}

@legal{citizensunitedvfec2010,
  title = {Citizens United v. Federal Election Commission, 558 U.S. 310},
  year = {2010},
  note = {U.S. Supreme Court Decision},
  url = {https://www.supremecourt.gov/opinions/09pdf/08-205.pdf}
}

@book{pickard2019fight,
  author = {Pickard, Victor},
  title = {Democracy without Journalism? Confronting the Misinformation Society},
  year = {2019},
  publisher = {Oxford University Press},
  address = {New York},
  doi = {10.1093/oso/9780190946753.001.0001},
  url = {https://doi.org/10.1093/oso/9780190946753.001.0001}
}

@article{tufekci2015algorithmic,
  author = {Tufekci, Zeynep},
  title = {Algorithmic Harms beyond Facebook and Google: Emergent Challenges of Computational Agency},
  journal = {Colorado Technology Law Journal},
  volume = {13},
  number = {203},
  pages = {203--218},
  year = {2015},
  url = {https://ctlj.colorado.edu/?p=1332}
}

@book{zuboff2019age,
  author = {Zuboff, Shoshana},
  title = {The Age of Surveillance Capitalism: The Fight for a Human Future at the New Frontier of Power},
  year = {2019},
  publisher = {PublicAffairs},
  address = {New York},
  isbn = {9781610395694}
}
